% This file was created with Citavi 5.3.1.0

@article{Abe.2015,
 author = {Abe, Tetsuya and Shizuki, Buntarou and Tanaka, Jiro},
 year = {2016},
 title = {Input Techniques to the Surface around a Smartphone using a Magnet Attached on a Stylus},
 pages = {2395--2402},
 journal = {Conference on Human Factors in Computing Systems (CHI)},
 doi = {10.1145/2851581.2892376}
}


@article{Aumi.2015,
 author = {Aumi, Md Tanvir Islam and Kratz, Sven},
 year = {2014},
 title = {AirAuth},
 pages = {309--318},
 journal = {Human-Computer Interaction with Mobile Devices {\&} Services (MobileHCI)},
 doi = {10.1145/2628363.2628388}
}


@article{Chen.2015,
 author = {Chen, Ke-Yu and Patel, Shwetak N. and Keller, Sean},
 year = {2016},
 title = {Finexus},
 pages = {1504--1514},
 journal = {Conference on Human Factors in Computing Systems (CHI)},
 doi = {10.1145/2858036.2858125}
}


@article{GarciaSanjuan.2015,
 author = {Garcia-Sanjuan, Fernando and Jaen, Javier and Fitzpatrick, Geraldine and Catala, Alejandro},
 year = {2016},
 title = {MarkAirs},
 pages = {2474--2481},
 journal = {Conference on Human Factors in Computing Systems (CHI)},
 doi = {10.1145/2851581.2892486}
}


@article{Gordon.2015,
 author = {Gordon, Mitchell and Ouyang, Tom and Zhai, Shumin},
 year = {2016},
 title = {WatchWriter},
 pages = {3817--3821},
 journal = {Conference on Human Factors in Computing Systems (CHI)},
 doi = {10.1145/2858036.2858242}
}


@article{Gupta.2015,
 author = {Gupta, Aakar and Balakrishnan, Ravin},
 year = {2016},
 title = {DualKey},
 pages = {59--70},
 journal = {Conference on Human Factors in Computing Systems (CHI)},
 doi = {10.1145/2858036.2858052}
}


@article{Matthies.2015,
 author = {Matthies, Denys J. C. and Perrault, Simon T. and Urban, Bodo and Zhao, Shengdong},
 year = {2015},
 title = {Botential},
 pages = {207--216},
 journal = {Human-Computer Interaction with Mobile Devices {\&} Services (MobileHCI)},
 doi = {10.1145/2785830.2785859}
}


@article{Mayer.2014,
 author = {Mayer, Simon and Tschofen, Andreas and Dey, Anind K. and Mattern, Friedemann},
 year = {2014},
 title = {User interfaces for smart things - A generative approach with semantic interaction descriptions},
 pages = {1--25},
 number = {2},
 journal = {Transactions on Computer-Human Interaction (TOCHI)},
 doi = {10.1145/2584670}
}


@article{Nandakumar.2015,
 author = {Nandakumar, Rajalakshmi and Iyer, Vikram and Tan, Desney and Gollakota, Shyamnath},
 year = {2016},
 title = {FingerIO},
 pages = {1515--1525},
 journal = {Conference on Human Factors in Computing Systems (CHI)},
 doi = {10.1145/2858036.2858580}
}


@article{Walter.2015,
 author = {Walter, Robert and Bailly, Gilles and Valkanova, Nina and M{\"u}ller, J{\"o}rg},
 year = {2014},
 title = {Cuenesics},
 pages = {299--308},
 journal = {Human-Computer Interaction with Mobile Devices {\&} Services (MobileHCI)},
 doi = {10.1145/2628363.2628368}
}


@article{Yoo.2015,
 author = {Yoo, Chungkuk and Hwang, Inseok and Rozner, Eric and Gu, Yu and Dickerson, Robert F.},
 year = {2016},
 title = {SymmetriSense},
 pages = {5126--5137},
 journal = {Conference on Human Factors in Computing Systems (CHI)},
 doi = {10.1145/2858036.2858286}
}


@article{Yu.2015,
 author = {Yu, Chun and Sun, Ke and Zhong, Mingyuan and Li, Xincheng and Zhao, Peijun and Shi, Yuanchun},
 year = {2016},
 title = {One-Dimensional Handwriting},
 pages = {71--82},
 journal = {Conference on Human Factors in Computing Systems (CHI)},
 doi = {10.1145/2858036.2858542}
}


@article{Zhang.2015,
 author = {Zhang, Yang and Zhou, Junhan and Laput, Gierad and Harrison, Chris},
 year = {2016},
 title = {SkinTrack},
 pages = {1491--1503},
 journal = {Conference on Human Factors in Computing Systems (CHI)},
 doi = {10.1145/2858036.2858082}
}

@article{Article No. 12 .2014,
 author = {Simon Mayer , Andrea Tschofen , Amind K. Dey },
 year = {2014},
 title = {User interfaces for smart things -- A generative approach with semantic interaction descriptions},
 pages = {1491--1503},
 journal = {ACM Transactions on Computer-Human Interaction (TOCHI)},
 doi = {10.1145/2584670}
}


